@article{einstein,
    author =       "Albert Einstein",
    title =        "{Zur Elektrodynamik bewegter K{\"o}rper}. ({German})
    [{On} the electrodynamics of moving bodies]",
    journal =      "Annalen der Physik",
    volume =       "322",
    number =       "10",
    pages =        "891--921",
    year =         "1905",
    DOI =          "http://dx.doi.org/10.1002/andp.19053221004",
    keywords =     "physics"
}

@book{dirac,
    title={The Principles of Quantum Mechanics},
    author={Paul Adrien Maurice Dirac},
    isbn={9780198520115},
    series={International series of monographs on physics},
    year={1981},
    publisher={Clarendon Press},
    keywords = {physics}
}

@online{knuthwebsite,
    author    = "Donald Knuth",
    title     = "Knuth: Computers and Typesetting",
    url       = "http://www-cs-faculty.stanford.edu/~uno/abcde.html",
    keywords  = "latex,knuth"
}

@inbook{knuth-fa,
    author = "Donald E. Knuth",
    title = "Fundamental Algorithms",
    publisher = "Addison-Wesley",
    year = "1973",
    chapter = "1.2",
    keywords  = "knuth,programming"
}

@manual{IBT-2,
	author = {Handsontec},
	title = {BTS7960 High Current 43A H-Bridge Motor Driver},
	institution = {Handson Technology},
	year = {18 Sep 2019},
	type = {Datasheet},
    url = "https://www.handsontec.com/dataspecs/module/BTS7960%20Motor%20Driver.pdf",
}

@manual{BTS7960b,
	author = {Infineon},
	title = {BTS7960B High Current PN Half Bridge NovalithIC T},
	institution = {Infineon Technologies},
	year = {12 Jul 2016},
	type = {Datasheet},
	series = {BTS7960b},
	url = "https://www.infineon.com/dgdl/bts7960b-pb-final.pdf?folderId=db3a3043156fd5730116144c5d101c30&fileId=db3a30431ed1d7b2011efe782ebd6b60",
}

@manual{ACS770,
	author = {Allegro},
	title = {High-Precision Linear Current Sensor},
	institution = {Allegro Microsystems},
	year = {31 May 2019},
	type = {Datasheet},
	series = {ACS770LCB-100B-PFF-T},
	url = "https://www.allegromicro.com/~/media/Files/Datasheets/ACS770-Datasheet.pdf",
}

@misc{Transformatore,
		institution = {UNIVERSITA' DEGLI STUDI DI NAPOLI, FEDERICO II},
	url = "https://www.docenti.unina.it/webdocenti-be/allegati/materiale-didattico/34030176"
}


@techreport{COBS,
	author = {IEEE},
	title = {Consistent Overhead Byte Stuffing (COBS)},
	institution = {IEEE}
	year = {29 Jun 2002}
	url = {https://www.ieee802.org/3/efm/public/jul02/copper/oksman_copper_1_0702.pdf}
}